<?xml version="1.0" encoding="UTF-8"?><collection xmlns="http://www.loc.gov/MARC21/slim"><record><leader>00365nam--2200133-i-4500</leader><controlfield tag="001">000007504</controlfield><controlfield tag="002">20161230</controlfield><controlfield tag="005">20161230201027</controlfield><controlfield tag="008">060222s1000------------r-----000-0-eng-d</controlfield><datafield ind1=" " ind2=" " tag="100"><subfield code="a">Adam, J</subfield></datafield><datafield ind1=" " ind2=" " tag="245"><subfield code="a">Magnetic beta-spectrometer with twofold focusing at the angle</subfield></datafield><datafield ind1=" " ind2=" " tag="260"><subfield code="a">Dubna, Joint Institute For Nuclear Research, 1965 14 P</subfield></datafield><datafield ind1=" " ind2=" " tag="490"><subfield code="a">2494</subfield></datafield><datafield ind1=" " ind2=" " tag="852"><subfield code="a">23257</subfield></datafield></record></collection>